@article{desveaux2020effects,
	title={The effects of latency in commercial cloud video gaming services},
	author={Desveaux, Adam C and Courtemanche, Valerie S},
	year={2020}
}

@ARTICLE{7536162,
	author={Cai, Wei and Shea, Ryan and Huang, Chun-Ying and Chen, Kuan-Ta and Liu, Jiangchuan and Leung, Victor C. M. and Hsu, Cheng-Hsin},
	journal={IEEE Access}, 
	title={A Survey on Cloud Gaming: Future of Computer Games}, 
	year={2016},
	volume={4},
	number={},
	pages={7605-7620},	
	doi={10.1109/ACCESS.2016.2590500}
}

@inproceedings{claypool2014effects,
	title={The effects of latency on player performance in cloud-based games},
	author={Claypool, Mark and Finkel, David},
	booktitle={2014 13th Annual Workshop on Network and Systems Support for Games},
	pages={1--6},
	year={2014},
	organization={IEEE}
}

@article{anouna2014network,
	title={Network Latency and Cloud Games: A Study Using Gaming Anywhere},
	author={Anouna, James and Estep, Zachary and French, Michael and Claypool, M and Finkel, D},
	journal={Interactive Qualifying Project MLC-TC14},
	year={2014}
}

@misc{stadia,
	title={Google Stadia},
	howpublished = "\url{https://stadia.google.com/}",
	year={2021}
}

@misc{shadow,
	title={Shadow},
	howpublished = "\url{https://shadow.tech/nl/}",
	year={2021}
}

@misc{now,
	title={GeForce NOW},
	howpublished = "\url{https://www.nvidia.com/en-us/geforce-now/}",
	year={2021}
}

@misc{cloudfare,
	title={What is latency and how to fix latency},
	author={Cloudfare},
	howpublished = "\url{https://www.cloudflare.com/learning/performance/glossary/what-is-latency/}",
	year={no year given}
}

@misc{thg,
	title={How Latency Affects The Gaming Experience And How To Fix It},
	author={Marketing Team THG},
	howpublished="\url{https://thghosting.com/blog/how-latency-affects-the-gaming-experience-and-how-to-fix-it/}",
	year={2021}
}

@misc{ulmer,
	title={What factors affect network latency?},
	author={Ulmerstudios},
	howpublished="\url{https://ulmerstudios.com/popular/what-factors-affect-network-latency/}",
	year={2019}
}

@misc{weak,
	title={The 4 Main Causes of Lag in Gaming (Plus Solutions)},
	author={WeakWifiSolutions},
	howpublished="\url{https://weakwifisolutions.com/main-causes-of-lag-in-gaming/}",
	year={2021}
}

@misc{century,
	title={The difference between 2.4 GHz and 5 GHz WiFi},
	author={CenturyLink},
	howpublished="\url{https://www.centurylink.com/home/help/internet/wireless/which-frequency-should-you-use.html}",
	year={no year given}
}

@misc{netgear,
	title={What is the difference between 2.4 GHz, 5 GHz, and 6 GHz wireless frequencies?},
	author={Netgear},
	howpublished="\url{https://kb.netgear.com/29396/What-is-the-difference-between-2-4-GHz-5-GHz-and-6-GHz-wireless-frequencies}",
	year={no year given}
}

@misc{ps5pricegraphovertime,
	title={PS5 price graph},
	author={Tweakers},
	howpublished="\url{https://tweakers.net/pricewatch/1355936/sony-playstation-5-digital-edition-wit-zwart.html}",
	year={2022}
}

@misc{topcloud,
	title={List of 23 Best Cloud Gaming Services Available in 2021},
	author={Techpout}, 
	howpublished="\url{https://www.techpout.com/best-cloud-gaming-services/}",
	year={2021}
}