@article{desveaux2020effects,
	title={The effects of latency in commercial cloud video gaming services},
	author={Desveaux, Adam C and Courtemanche, Valerie S},
	year={2020}
}

@ARTICLE{7536162,
	author={Cai, Wei and Shea, Ryan and Huang, Chun-Ying and Chen, Kuan-Ta and Liu, Jiangchuan and Leung, Victor C. M. and Hsu, Cheng-Hsin},
	journal={IEEE Access}, 
	title={A Survey on Cloud Gaming: Future of Computer Games}, 
	year={2016},
	volume={4},
	number={},
	pages={7605-7620},	
	doi={10.1109/ACCESS.2016.2590500}
}

@inproceedings{claypool2014effects,
	title={The effects of latency on player performance in cloud-based games},
	author={Claypool, Mark and Finkel, David},
	booktitle={2014 13th Annual Workshop on Network and Systems Support for Games},
	pages={1--6},
	year={2014},
	organization={IEEE}
}

@article{anouna2014network,
	title={Network Latency and Cloud Games: A Study Using Gaming Anywhere},
	author={Anouna, James and Estep, Zachary and French, Michael and Claypool, M and Finkel, D},
	journal={Interactive Qualifying Project MLC-TC14},
	year={2014}
}